<record><leader>00000cas a2200000 a 4500</leader><controlfield tag="001">7234939</controlfield><controlfield tag="008">810318d19221927nyuwr ne      0   a0eng d</controlfield><datafield ind1=" " ind2=" " tag="010"><subfield code="a">sn2004060497</subfield></datafield><datafield ind1=" " ind2=" " tag="040"><subfield code="a">VXJ</subfield><subfield code="b">eng</subfield><subfield code="c">VXJ</subfield><subfield code="d">NYG</subfield><subfield code="d">OCL</subfield><subfield code="d">MGN</subfield><subfield code="d">OCL</subfield><subfield code="d">OCLCQ</subfield><subfield code="d">NYS</subfield><subfield code="d">OCLCG</subfield><subfield code="d">HEBIS</subfield><subfield code="d">OCLCQ</subfield><subfield code="d">OCLCF</subfield><subfield code="d">OCLCO</subfield></datafield><datafield ind1="7" ind2=" " tag="016"><subfield code="a">821433-5</subfield><subfield code="2">DE-600</subfield></datafield><datafield ind1="1" ind2=" " tag="029"><subfield code="a">HEBIS</subfield><subfield code="b">048088560</subfield></datafield><datafield ind1=" " ind2=" " tag="043"><subfield code="a">n-us---</subfield></datafield><datafield ind1=" " ind2="4" tag="050"><subfield code="a">AP92</subfield><subfield code="b">.J7</subfield></datafield><datafield ind1=" " ind2=" " tag="092"><subfield code="a">298.05</subfield><subfield code="b">q59f</subfield></datafield><datafield ind1="0" ind2="4" tag="245"><subfield code="a">The Jewish tribune and Hebrew standard.</subfield></datafield><datafield ind1="3" ind2="0" tag="246"><subfield code="a">Jewish tribune</subfield></datafield><datafield ind1="3" ind2="0" tag="246"><subfield code="a">Hebrew standard</subfield></datafield><datafield ind1=" " ind2=" " tag="260"><subfield code="a">New York :</subfield><subfield code="b">Jewish Tribune,</subfield><subfield code="c">1922-1927.</subfield></datafield><datafield ind1=" " ind2=" " tag="300"><subfield code="a">11 v. :</subfield><subfield code="b">ill. ;</subfield><subfield code="c">32 cm.</subfield></datafield><datafield ind1=" " ind2=" " tag="310"><subfield code="a">Weekly</subfield></datafield><datafield ind1="0" ind2=" " tag="362"><subfield code="a">Vol. 80, no. 24 (Dec. 15, 1922)-v.91, no. 1 (July 1, l927).</subfield></datafield><datafield ind1=" " ind2=" " tag="500"><subfield code="a">"The American Jewish weekly."</subfield></datafield><datafield ind1=" " ind2=" " tag="500"><subfield code="a">Editors: Dec. 15, 1922-Dec. 10, 1926, N. Mossessohn (with H. Bernstein from June 8, 1923 and D.N. Mosessohn from Nov. 6, 1925).--Dec. 17, 1926-June 24, 1927, H. Bernstein and D.N. Mosessohn.--July 1, 1927, D.N. Mosessohn.</subfield></datafield><datafield ind1=" " ind2=" " tag="515"><subfield code="a">Some mistakes in numbering.</subfield></datafield><datafield ind1=" " ind2=" " tag="515"><subfield code="a">Each volume covers six months.</subfield></datafield><datafield ind1=" " ind2=" " tag="515"><subfield code="a">Numbering continues that of The Hebrew standard.</subfield></datafield><datafield ind1=" " ind2=" " tag="525"><subfield code="a">Includes occasional supplements and special issues. "Monthly magazine section" published beginning Jan. 5, 1923 (title and frequency varies).</subfield></datafield><datafield ind1=" " ind2=" " tag="530"><subfield code="a">Also issued on microfilm from University Microfilms International.</subfield></datafield><datafield ind1=" " ind2=" " tag="588"><subfield code="a">Description based on: July 4, 1924; title from cover.</subfield></datafield><datafield ind1=" " ind2="0" tag="650"><subfield code="a">Jews</subfield><subfield code="z">United States</subfield><subfield code="v">Newspapers.</subfield></datafield><datafield ind1=" " ind2="0" tag="650"><subfield code="a">Jewish newspapers.</subfield></datafield><datafield ind1=" " ind2="0" tag="650"><subfield code="a">Jewish newspapers</subfield><subfield code="z">United States.</subfield></datafield><datafield ind1=" " ind2="0" tag="651"><subfield code="a">New York (N.Y.)</subfield><subfield code="v">Newspapers.</subfield></datafield><datafield ind1=" " ind2="0" tag="651"><subfield code="a">New York County (N.Y.)</subfield><subfield code="v">Newspapers.</subfield></datafield><datafield ind1=" " ind2="7" tag="655"><subfield code="a">Newspapers.</subfield><subfield code="2">fast</subfield><subfield code="0">(OCoLC)fst01423814</subfield></datafield><datafield ind1=" " ind2="7" tag="650"><subfield code="a">Jewish newspapers.</subfield><subfield code="2">fast</subfield><subfield code="0">(OCoLC)fst00982872</subfield></datafield><datafield ind1=" " ind2="7" tag="650"><subfield code="a">Jews.</subfield><subfield code="2">fast</subfield><subfield code="0">(OCoLC)fst00983135</subfield></datafield><datafield ind1=" " ind2="7" tag="651"><subfield code="a">New York (State)</subfield><subfield code="z">New York.</subfield><subfield code="2">fast</subfield><subfield code="0">(OCoLC)fst01204333</subfield></datafield><datafield ind1=" " ind2="7" tag="651"><subfield code="a">New York (State)</subfield><subfield code="z">New York County.</subfield><subfield code="2">fast</subfield><subfield code="0">(OCoLC)fst01234953</subfield></datafield><datafield ind1=" " ind2="7" tag="651"><subfield code="a">United States.</subfield><subfield code="2">fast</subfield><subfield code="0">(OCoLC)fst01204155</subfield></datafield><datafield ind1="1" ind2=" " tag="700"><subfield code="a">Mosessohn, Nehemiah,</subfield><subfield code="d">1853-1935.</subfield></datafield><datafield ind1="1" ind2=" " tag="700"><subfield code="a">Bernstein, Herman,</subfield><subfield code="d">1876-1935.</subfield></datafield><datafield ind1="1" ind2=" " tag="700"><subfield code="a">Mosessohn, David Nehemiah,</subfield><subfield code="d">1883-1930.</subfield></datafield><datafield ind1=" " ind2=" " tag="752"><subfield code="a">United States</subfield><subfield code="b">New York</subfield><subfield code="c">New York</subfield><subfield code="d">New York.</subfield></datafield><datafield ind1="1" ind2=" " tag="776"><subfield code="t">Jewish tribune (Microfilm)</subfield></datafield><datafield ind1="0" ind2="4" tag="780"><subfield code="t">Jewish tribune</subfield><subfield code="w">(DLC)sn 93062893</subfield><subfield code="w">(OCoLC)7234830</subfield></datafield><datafield ind1="0" ind2="4" tag="780"><subfield code="t">Hebrew standard</subfield><subfield code="g">Dec. 15, 1922</subfield><subfield code="w">(DLC)sn 86090534</subfield><subfield code="w">(OCoLC)15045427</subfield></datafield><datafield ind1="0" ind2="0" tag="785"><subfield code="t">Jewish tribune (New York, N.Y. : 1927)</subfield><subfield code="w">(DLC)sn2004060423</subfield><subfield code="w">(OCoLC)7234970</subfield></datafield></record>